@ARTICLE{Zingale2014,
author = {Michale Zingale},
title= {pyro: A teaching code for computational astrophysical hydrodynamics},
journal = {Astronomy and Computing},
year = {2014},
volume = {6},
url = {http://www.sciencedirect.com/science/article/pii/S2213133714000316},
}

@ARTICLE{Parker1958,
author = {E. N. Parker},
title = {Dynamics of the interplanetary gas and magnetic fields},
journal = {Astrophysical Journal},
year = {1958},
volume = {128},
url = {http://articles.adsabs.harvard.edu//full/1958ApJ...128..664P/0000664.000.html},
}


